@article{fetecau2012mathematical,
  title={A mathematical model for flight guidance in honeybee swarms},
  author={Fetecau, RC and Guo, A},
  journal={Bulletin of mathematical biology},
  volume={74},
  number={11},
  pages={2600--2621},
  year={2012},
  publisher={Springer}
}
@article{mitchell2005time,
  title={A time-dependent Hamilton-Jacobi formulation of reachable sets for continuous dynamic games},
  author={Mitchell, Ian M and Bayen, Alexandre M and Tomlin, Claire J},
  journal={IEEE Transactions on automatic control},
  volume={50},
  number={7},
  pages={947--957},
  year={2005},
  publisher={IEEE}
}
